<?xml version="1.0" encoding="UTF-8"?><record xmlns="http://www.loc.gov/MARC21/slim" xmlns:cinclude="http://apache.org/cocoon/include/1.0" xmlns:zs="http://www.loc.gov/zing/srw/">
  <leader>00485cz  a2200133n  4500</leader>
  <controlfield tag="001">no2005021884</controlfield>
  <controlfield tag="003">DLC</controlfield>
  <controlfield tag="005">20080816081333.0</controlfield>
  <controlfield tag="008">050307n| acannaabn          |n ana     c</controlfield>
  <datafield tag="010" ind1=" " ind2=" ">
    <subfield code="a">no2005021884</subfield>
  </datafield>
  <datafield tag="035" ind1=" " ind2=" ">
    <subfield code="a">(OCoLC)oca06577950</subfield>
  </datafield>
  <datafield tag="040" ind1=" " ind2=" ">
    <subfield code="a">WU</subfield>
    <subfield code="b">eng</subfield>
    <subfield code="c">WU</subfield>
  </datafield>
  <datafield tag="110" ind1="2" ind2=" ">
    <subfield code="a">Schaubude (Cabaret group : Munich, Germany)</subfield>
  </datafield>
  <datafield tag="670" ind1=" " ind2=" ">
    <subfield code="a">Nick, E. Das literarische Kabarett "Die Schaubude" 1945-1948, c2004:</subfield>
    <subfield code="b">t.p. (Schaubude) back cover ("Die Schaubude" was the first literary cabaret in Munich after WWII)</subfield>
  </datafield>
</record>